@INBOOK{computervision_szeliski:1,
	author    = "Richard {Szeliski}",
	title     = "Computer Vision - Algorithms and Application",
	publisher = "Springer",
	year	    =  "2011",
	pages     = "3-15"
}

@INBOOK{opencv_bradski_kaehler:1,
	author    = "Gary {Bradski} und Adrian {Kaehler}",
	title     = "Learning OpenCV - Computer Vision with the OpenCV Library",
	publisher = "O'REILLY",
	year	    =  "2008",
	%pages     = "2-7"
}

@MISC{opencv:1,
	HOWPUBLISHED = "\url{https://opencv.org}",
	AUTHOR = "OpenCV Team",
	TITLE = "OpenCV",
	MONTH = "Sep",
	YEAR = "2018",
	NOTE = "Besucht am 3. Sep 2018"
}

@MISC{opencv_doc_blur:1,
	HOWPUBLISHED = "\url{https://docs.opencv.org/2.4/doc/tutorials/imgproc/gausian_median_blur_bilateral_filter/gausian_median_blur_bilateral_filter.html}",
	AUTHOR = "OpenCV Team",
	TITLE = "Smoothing Images",
	MONTH = "Sep",
	YEAR = "2018",
	NOTE = "Besucht am 3. Sep 2018"
}

@MISC{opencv_doc_canny:1,
	HOWPUBLISHED = "\url{https://docs.opencv.org/3.1.0/da/d22/tutorial_py_canny.html}",
	AUTHOR = "OpenCV Team",
	TITLE = "Canny Edge Detection",
	MONTH = "Dec",
	YEAR = "2015",
	NOTE = "Besucht am 2. Sep 2018"
}

@MISC{carlfriedrichgauss:1,
	HOWPUBLISHED = "\url{http://fermatslasttheorem.blogspot.com/2005/06/carl-friedrich-gauss.html}",
	AUTHOR = "Larry Freeman",
	TITLE = "Carl Friedrich Gauss",
	MONTH = "Jun",
	YEAR = "2005",
	NOTE = "Besucht am 3. Sep 2018"
}